
@ARTICLE{sun:operational,
  AUTHOR="Chengzheng Sun and Clarence Ellis",
  TITLE="Operational transformation in real-time group editors: issues, 
         algorithms, and achievements",
  JOURNAL="Proceedings of the 1998 ACM conference on Computer supported 
           cooperative work",
  PAGES="59-68",
  YEAR=1998
}

@ARTICLE{sun:achieving,
  AUTHOR="Chengzheng Sun and Xiaohua Jia and Yanchun Zhang and Yun Yang
          and David Chen",
  TITLE="Achieving convergence, causality preservation, and intention 
         preservation in real-time cooperative editing systems",
  JOURNAL="ACM Transactions on Computer-Human Interaction (TOCHI)",
  PAGES="63-108",
  YEAR="1998"
}

@ARTICLE{sun:reversible,
  AUTHOR="Chengzhen Sun and David Chen and Xiaohua Jia",
  TITLE="Reversible inclusion and exclusion transformation scheme for 
           string-wise operations in cooperative editing systems",
  JOURNAL="Proceedings of the 21st Australasian Computer Science Conference",
  PAGES="441-452",
  YEAR="1998"
}

@ARTICLE{prakash:undo,
  AUTHOR="Atul Prakash, Michael J. Knister",
  TITLE="A framework for undoing actions in collaborative systems",
  JOURNAL="ACM Transactions on Computer-Human Interaction (TOCHI)",
  PAGES="295-330",
  YEAR="1994"
}

@ARTICLE{jupiter95,
  AUTHOR="David A. Nichols and Pavel Curtis and Michael Dixon and John Lamping",
  TITLE="High-latency, low-bandwidth windowing in the Jupiter collaboration 
         system",
  JOURNAL="roceedings of the 8th annual ACM symposium on User interface and 
           software technology",
  PAGES="111-120",
  YEAR="1995"
}

@ARTICLE{netedit,
  AUTHOR="Ali A. Zafer and Clifford A. Shaffer and Roger W. Ehrich and Manuel 
          Perez",
  TITLE="NetEdit: A Collaborative Editor",
  YEAR="2001"
}

@ARTICLE{ellis,
  AUTHOR="C. A. Ellis, S. J. Gibbs",
  TITLE="Concurrency control in groupware systems",
  JOURNAL="Proceedings of the 1989 ACM SIGMOD international conference on 
           Management of data", 
  PAGES="399-407",
  MONTH=6,
  YEAR="1989"
}

@ARTICLE{cormack95a,
  AUTHOR="Gordon V.Cormack",
  TITLE="A Counterexample to the Distributed Operational Transform and a 
         Corrected Algorithm for Point-to-point Communication",
  MONTH=8,
  YEAR="95"
}

@ARTICLE{cormack95b,
  AUTHOR="G. V. Cormack",
  TITLE="A calculus for concurrent update",
  JOURNAL="Proceedings of the fourteenth annual ACM symposium on Principles of 
           distributed computing",
  YEAR=1995,
}

@ARTICLE{imine:development,
  AUTHOR="A. Imine, P. Molli, G. Oster and M. Rusinowitch",
  TITLE="Development of Transformation Functions Assisted by a Theorem Prover",
  MONTH=9,
  YEAR=2003
}

@ARTICLE{gclipse,
  AUTHOR="Marco Cicolini",
  TITLE="Gclipse - a collaborative editor plug-in for eclipse",
  MONTH=2,
  YEAR=2005
}

@ARTICLE{zhang:operationgroups,
  AUTHOR="Jin Zhang and Yunfa Hu",
  TITLE="Preserving Operation Groups in  Operational Transformation",
  MONTH=4,
  YEAR=2004
}

@ARTICLE{"sun:realtime,
  AUTHOR="Chengzhen Sun, Yun Yang, Yanchun Zhang and Xiaohua Jia",
  TITLE="Real-Time Cooperative Editing on the Internet",
  YEAR=2001
}

@ARTICLE{"sun:sgml,
  AUTHOR="C. Sun, A.H. Davis and J. Lu",
  TITLE="Generalizing operational transformation to the standard general markup 
         language",
  JOURNAL="Proceedings of the 2002 ACM conference on Computer supported 
          cooperative work",
  PAGES="58-67",
  YEAR="2002"
}

@ARTICLE{"treeOpt:impl,
  AUTHOR="Claudia-Lavinia Ignat and Moira C. Norrie",
  TITLE="Customizable Collaborative Editor Relying on treeOPT Algorithm",
  YEAR=2003
}

@ARTICLE{"treeOpt:algorithm,
  AUTHOR="Claudia-Lavinia Ignat and Moira C. Norrie",
  TITLE="Tree-based model algorithm for maintaining consistency  in real-time 
         collaborative editing systems",
  YEAR=2002
}

@ARTICLE{imine:achieving,
  AUTHOR="A. Imine, P. Molli, G. Oster and M. Rusinowitch",
  TITLE="Achieving Convergence with Operational Transformation in Distributed 
         Groupware Systems",
  MONTH=5,
  YEAR=2004
}

@ARTICLE{sdt,
  AUTHOR="Du Li and Rui Li",
  TITLE="Ensuring Content and Intention Consistency in Real-Time Group Editors",
  YEAR=2004
}

@ARTICLE{ressel:adopted,
  AUTHOR="Matthias Ressel, Doris Nitsche-Ruhland and Rul Gunzenhäuser",
  TITLE="An Integrating, Transformation-Oriented Approach to Concurrency Control 
         and Undo in Group Editors",
  JOURNAL="Proceedings of the 1996 ACM conference on Computer supported 
           cooperative work",
  PAGES="288-297",
  YEAR=1996
}

@ARTICLE{ressel:undo,
  AUTHOR="Matthias Ressel, Rul Gunzenhäuser",
  TITLE="Reducing the problems of group undo",
  JOURNAL="Proceedings of the international ACM SIGGROUP conference on 
           Supporting group work",
  PAGES="131-139",
  YEAR="1999"
}

@ARTICLE{sun:generic,
  AUTHOR="C. Sun, Y. Zhang, X. Jia and Y. Yang",
  TITLE="A Generic Operation Transformation Scheme for Consistency in Real-time 
         Cooperative Editing Systems",
  JOURNAL="Proceedings of the international ACM SIGGROUP conference on 
           Supporting group work : the integration challenge: the integration 
           challenge",
  PAGES="425-434",
  YEAR=1997
}

@ARTICLE{sun:optional,
  AUTHOR="C. Sun and R. Sosic",
  TITLE="Optional Locking Integrated with Operational Transformation in 
         Distributed Real-Time Group Editors",
  YEAR=1999
}

@ARTICLE{tibot,
  AUTHOR="Rui Li, Du Li and Chengzhen Sun",
  TITLE="A Time Interval Based Consistency Control Algorithm for Interactive 
         Groupware Applications",
  YEAR=2004
}

@ARTICLE{soct34,
  AUTHOR="Nicolas Vidot, Michelle Cart, Jean Ferrie and Maher Suleiman",
  TITLE="Copies convergence in a distributed real-time collaborative 
         environment",
  JOURNAL="Proceedings of the 2000 ACM conference on Computer supported 
           cooperative work",
  PAGES="171-180",
  YEAR=2000
}

@ARTICLE{usability,
  AUTHOR="Carl Gutwin, Mark Roseman, and Saul Greenberg",
  TITLE="A Usability Study of Awareness Widgets in a Shared Workspace Groupware 
         System",
  JOURNAL="roceedings of the 1996 ACM conference on Computer supported 
           cooperative work",
  PAGES="258-267",
  YEAR=1996
}

@ARTICLE{lamport,
  AUTHOR="Leslie Lamport",
  TITLE="Time, Clocks, and the Ordering of Events in a Distributed System",
  YEAR=1978
}

@ARTICLE{vectortime,
  AUTHOR="Friedemann Mattern",
  TITLE="Virtual Time and Global States of Distributed Systems",
  YEAR=1989
}
  

